01REMESSA01COBRANCA       01900000123290      MASTER COM. DISTRIBUIDORA LTDA004B. DO NORDESTE 150526                                                                                                                                                                                                                                                                                                      000001
1                0190000012329002    146605                   3146605200000000000000000000000000000        401146605    18062600000000241020000000 01N140526000500000000000070000000000000000000000000000000000000000000000100067914934453MARIA MARILENE AURELIANE                RUA TEREZA DE AZEVEDO,N 960             GRUTA DE LOU57052600MACEIO         ALPAGAR ATE A DATA DO VENCIMENTO.         990000002
1                0190000012329002    146605                   2146605000000000000000000000000000000        401146605    11062600000000241010000000 01N140526000500000000000070000000000000000000000000000000000000000000000100067914934453MARIA MARILENE AURELIANE                RUA TEREZA DE AZEVEDO,N 960             GRUTA DE LOU57052600MACEIO         ALPAGAR ATE A DATA DO VENCIMENTO.         990000003
1                0190000012329002    146605                   1146605700000000000000000000000000000        401146605    04062600000000241010000000 01N140526000500000000000070000000000000000000000000000000000000000000000100067914934453MARIA MARILENE AURELIANE                RUA TEREZA DE AZEVEDO,N 960             GRUTA DE LOU57052600MACEIO         ALPAGAR ATE A DATA DO VENCIMENTO.         990000004
1                0190000012329002    146606                   2146606800000000000000000000000000000        401146606    04062600000000265340000000 01N140526000500000000000080000000000000000000000000000000000000000000000100031234224453JOSIEL BARROS DE OMENA                  R SAO JOSE 88                           SITIO SAO JO57000000MACEIO         ALPAGAR ATE A DATA DO VENCIMENTO.         990000005
1                0190000012329002    146606                   1146606500000000000000000000000000000        401146606    28052600000000265350000000 01N140526000500000000000080000000000000000000000000000000000000000000000100031234224453JOSIEL BARROS DE OMENA                  R SAO JOSE 88                           SITIO SAO JO57000000MACEIO         ALPAGAR ATE A DATA DO VENCIMENTO.         990000006
1                0190000012329002    146607                   0146607000000000000000000000000000000        401146607    11062600000000988770000000 01N140526000500000000000300000000000000000000000000000000000000000000000201515373000168CICERO PEDRO DOS SANTOS RACOES ME       AV. MACEIO, 812 - B                     TAB. MARTINS57061110MACEIO         ALPAGAR ATE A DATA DO VENCIMENTO.         990000007
1                0190000012329002    146608                   3146608700000000000000000000000000000        401146608    11062600000000402000000000 01N140526000500000000000120000000000000000000000000000000000000000000000235139529000175GUSTAVO LACERDA GOMIDE                  AV JUCA SAMPAIO N 72                    BARRO DURO  57045365MACEIO         ALPAGAR ATE A DATA DO VENCIMENTO.         990000008
1                0190000012329002    146608                   2146608400000000000000000000000000000        401146608    04062600000000402000000000 01N140526000500000000000120000000000000000000000000000000000000000000000235139529000175GUSTAVO LACERDA GOMIDE                  AV JUCA SAMPAIO N 72                    BARRO DURO  57045365MACEIO         ALPAGAR ATE A DATA DO VENCIMENTO.         990000009
1                0190000012329002    146608                   1146608100000000000000000000000000000        401146608    28052600000000402000000000 01N140526000500000000000120000000000000000000000000000000000000000000000235139529000175GUSTAVO LACERDA GOMIDE                  AV JUCA SAMPAIO N 72                    BARRO DURO  57045365MACEIO         ALPAGAR ATE A DATA DO VENCIMENTO.         990000010
1                0190000012329002    146609                   4146609800000000000000000000000000000        401146609    18062600000000507500000000 01N140526000500000000000150000000000000000000000000000000000000000000000202556372000124MARIA GORETE XAVIER DA CRUZ - ME        AV BENDITO BENTES 743 QD C1             B BENTES II 57084010MACEIO         ALPAGAR ATE A DATA DO VENCIMENTO.         990000011
1                0190000012329002    146609                   3146609500000000000000000000000000000        401146609    11062600000000507500000000 01N140526000500000000000150000000000000000000000000000000000000000000000202556372000124MARIA GORETE XAVIER DA CRUZ - ME        AV BENDITO BENTES 743 QD C1             B BENTES II 57084010MACEIO         ALPAGAR ATE A DATA DO VENCIMENTO.         990000012
1                0190000012329002    146609                   2146609200000000000000000000000000000        401146609    04062600000000507500000000 01N140526000500000000000150000000000000000000000000000000000000000000000202556372000124MARIA GORETE XAVIER DA CRUZ - ME        AV BENDITO BENTES 743 QD C1             B BENTES II 57084010MACEIO         ALPAGAR ATE A DATA DO VENCIMENTO.         990000013
1                0190000012329002    146609                   1146609000000000000000000000000000000        401146609    28052600000000507500000000 01N140526000500000000000150000000000000000000000000000000000000000000000202556372000124MARIA GORETE XAVIER DA CRUZ - ME        AV BENDITO BENTES 743 QD C1             B BENTES II 57084010MACEIO         ALPAGAR ATE A DATA DO VENCIMENTO.         990000014
1                0190000012329002    146614                   0146614300000000000000000000000000000        401146614    11062600000000257960000000 01N140526000500000000000080000000000000000000000000000000000000000000000237312571000171EMANUELA DARINE MOREIRA DE LIMA 07682954CJ OLAVO CALHEIROS QS N 03              URBANO      57820000MURICI         ALPAGAR ATE A DATA DO VENCIMENTO.         990000015
1                0190000012329002    146615                   0146615100000000000000000000000000000        401146615    15062600000000950000000000 01N140526000500000000000290000000000000000000000000000000000000000000000248849182000104MARIA MADALENA LIMA SIMPLICIO           R DR ANTONIO ARECIPO, N 69              CENTRO      57800000UNIAO DOS PALMAALPAGAR ATE A DATA DO VENCIMENTO.         990000016
1                0190000012329002    146616                   2146616500000000000000000000000000000        401146616    11062600000000202880000000 01N140526000500000000000060000000000000000000000000000000000000000000000242199401000162FELIPE BERNADINO DOS SANTOS 08483626403 ART RESIDENCIAL OLAVO CALHEIROS QUADRA RCAMPO GRANDE57820000MURICI         ALPAGAR ATE A DATA DO VENCIMENTO.         990000017
1                0190000012329002    146616                   1146616200000000000000000000000000000        401146616    04062600000000202880000000 01N140526000500000000000060000000000000000000000000000000000000000000000242199401000162FELIPE BERNADINO DOS SANTOS 08483626403 ART RESIDENCIAL OLAVO CALHEIROS QUADRA RCAMPO GRANDE57820000MURICI         ALPAGAR ATE A DATA DO VENCIMENTO.         990000018
1                0190000012329002    146616                   3146616800000000000000000000000000000        401146616    18062600000000202880000000 01N140526000500000000000060000000000000000000000000000000000000000000000242199401000162FELIPE BERNADINO DOS SANTOS 08483626403 ART RESIDENCIAL OLAVO CALHEIROS QUADRA RCAMPO GRANDE57820000MURICI         ALPAGAR ATE A DATA DO VENCIMENTO.         990000019
1                0190000012329002    146617                   2146617300000000000000000000000000000        401146617    23062600000000530990000000 01N140526000500000000000160000000000000000000000000000000000000000000000207880858000137I F BRITO AGROPECUARIA ME               TRAV SAO PAULO 1                        CENTRO      57860000SAO JOSE DA LAJALPAGAR ATE A DATA DO VENCIMENTO.         990000020
1                0190000012329002    146617                   3146617600000000000000000000000000000        401146617    03072600000000531000000000 01N140526000500000000000160000000000000000000000000000000000000000000000207880858000137I F BRITO AGROPECUARIA ME               TRAV SAO PAULO 1                        CENTRO      57860000SAO JOSE DA LAJALPAGAR ATE A DATA DO VENCIMENTO.         990000021
1                0190000012329002    146617                   1146617000000000000000000000000000000        401146617    15062600000000530990000000 01N140526000500000000000160000000000000000000000000000000000000000000000207880858000137I F BRITO AGROPECUARIA ME               TRAV SAO PAULO 1                        CENTRO      57860000SAO JOSE DA LAJALPAGAR ATE A DATA DO VENCIMENTO.         990000022
1                0190000012329002    146618                   1146618900000000000000000000000000000        401146618    11062600000000337980000000 01N140526000500000000000100000000000000000000000000000000000000000000000100004942366470ANDREIA CONCEICAO DOS SANTOS            PC. NOSSA SENHORA DA CONCEICAO, N 129   SANTA MARIA 57800000UNIAO DOS PALMAALPAGAR ATE A DATA DO VENCIMENTO.         990000023
1                0190000012329002    146618                   2146618100000000000000000000000000000        401146618    18062600000000337980000000 01N140526000500000000000100000000000000000000000000000000000000000000000100004942366470ANDREIA CONCEICAO DOS SANTOS            PC. NOSSA SENHORA DA CONCEICAO, N 129   SANTA MARIA 57800000UNIAO DOS PALMAALPAGAR ATE A DATA DO VENCIMENTO.         990000024
1                0190000012329002    146619                   0146619400000000000000000000000000000        401146619    11062600000000249000000000 01N140526000500000000000070000000000000000000000000000000000000000000000260794098000128MATHEUS ROZENDO TOMAZ                   LOT RUA MARIA DAS DORES DE BARROS, N 30 ZUMBI DOS PA57800000UNIAO DOS PALMAALPAGAR ATE A DATA DO VENCIMENTO.         990000025
1                0190000012329002    146620                   1146620000000000000000000000000000000        401146620    04062600000000705000000000 01N140526000500000000000210000000000000000000000000000000000000000000000241174434000195CARMEM LUCIA DA SILVA - EPP             ANTONIO ARECIPO 350                     CENTRO      57800000UNIAO DOS PALMAALPAGAR ATE A DATA DO VENCIMENTO.         990000026
1                0190000012329002    146620                   4146620900000000000000000000000000000        401146620    25062600000000705000000000 01N140526000500000000000210000000000000000000000000000000000000000000000241174434000195CARMEM LUCIA DA SILVA - EPP             ANTONIO ARECIPO 350                     CENTRO      57800000UNIAO DOS PALMAALPAGAR ATE A DATA DO VENCIMENTO.         990000027
1                0190000012329002    146620                   2146620300000000000000000000000000000        401146620    11062600000000705000000000 01N140526000500000000000210000000000000000000000000000000000000000000000241174434000195CARMEM LUCIA DA SILVA - EPP             ANTONIO ARECIPO 350                     CENTRO      57800000UNIAO DOS PALMAALPAGAR ATE A DATA DO VENCIMENTO.         990000028
1                0190000012329002    146620                   3146620600000000000000000000000000000        401146620    18062600000000705000000000 01N140526000500000000000210000000000000000000000000000000000000000000000241174434000195CARMEM LUCIA DA SILVA - EPP             ANTONIO ARECIPO 350                     CENTRO      57800000UNIAO DOS PALMAALPAGAR ATE A DATA DO VENCIMENTO.         990000029
1                0190000012329002    146621                   1146621900000000000000000000000000000        401146621    11062600000000512420000000 01N140526000500000000000150000000000000000000000000000000000000000000000217337120000181MARIA HELEOMAR MARINO DOS SANTOS ME     ABILIO GOMES 113                        CENTRO      57800000UNIAO DOS PALMAALPAGAR ATE A DATA DO VENCIMENTO.         990000030
1                0190000012329002    146621                   2146621100000000000000000000000000000        401146621    18062600000000512420000000 01N140526000500000000000150000000000000000000000000000000000000000000000217337120000181MARIA HELEOMAR MARINO DOS SANTOS ME     ABILIO GOMES 113                        CENTRO      57800000UNIAO DOS PALMAALPAGAR ATE A DATA DO VENCIMENTO.         990000031
1                0190000012329002    146623                   3146623000000000000000000000000000000        401146623    11062600000000222220000000 01N140526000500000000000070000000000000000000000000000000000000000000000100038281309415JOSE MONTEIRO                           RUA JOSE TERTO JACINTO,N 265            CENTRO      57800000UNIAO DOS PALMAALPAGAR ATE A DATA DO VENCIMENTO.         990000032
1                0190000012329002    146623                   1146623500000000000000000000000000000        401146623    28052600000000222230000000 01N140526000500000000000070000000000000000000000000000000000000000000000100038281309415JOSE MONTEIRO                           RUA JOSE TERTO JACINTO,N 265            CENTRO      57800000UNIAO DOS PALMAALPAGAR ATE A DATA DO VENCIMENTO.         990000033
1                0190000012329002    146623                   2146623800000000000000000000000000000        401146623    04062600000000222230000000 01N140526000500000000000070000000000000000000000000000000000000000000000100038281309415JOSE MONTEIRO                           RUA JOSE TERTO JACINTO,N 265            CENTRO      57800000UNIAO DOS PALMAALPAGAR ATE A DATA DO VENCIMENTO.         990000034
1                0190000012329002    146624                   0146624000000000000000000000000000000        401146624    04062600000000402280000000 01N140526000500000000000120000000000000000000000000000000000000000000000235266790000136ERALDO PEDRO DA SILVA PADARIA - ME      AV.WALDEMAR PONTES, N 139               CENTRO      57860000SAO JOSE DA LAJALPAGAR ATE A DATA DO VENCIMENTO.         990000035
1                0190000012329002    146625                   0146625900000000000000000000000000000        401146625    11062600000000249000000000 01N140526000500000000000070000000000000000000000000000000000000000000000204781689000190MARINHO E LIMA LTDA EPP                 RUA JUVENAL MENDONCA, 3293              CASTELO BRAN57000000UNIAO DOS PALMAALPAGAR ATE A DATA DO VENCIMENTO.         990000036
1                0190000012329002    146626                   0146626700000000000000000000000000000        401146626    15062600000000495720000000 01N140526000500000000000150000000000000000000000000000000000000000000000230059313000186JL DE BRITO LTDA                        RUA SAO PAULO,N 80 A                    CENTRO      57000000SAO JOSE DA LAJALPAGAR ATE A DATA DO VENCIMENTO.         990000037
1                0190000012329002    146627                   0146627500000000000000000000000000000        401146627    15062600000000456000000000 01N140526000500000000000140000000000000000000000000000000000000000000000208343424000160PAULO ROBERTO CORREIA DE AMORIM         AV. ANTONIO GOMES DE BARROS,N 148       CENTRO      57000800UNIAO DOS PALMAALPAGAR ATE A DATA DO VENCIMENTO.         990000038
1                0190000012329002    146628                   0146628300000000000000000000000000000        401146628    04062600000000990000000000 01N140526000500000000000300000000000000000000000000000000000000000000000215015140000100ELIEL TAFNYS OMENA SILVA - ME           PC. CLARICIO VALENCA NEVES,N 10         CENTRO      57860000SAO JOSE DA LAJALPAGAR ATE A DATA DO VENCIMENTO.         990000039
1                0190000012329002    146629                   0146629100000000000000000000000000000        401146629    15062600000000260800000000 01N140526000500000000000080000000000000000000000000000000000000000000000203538490000172CORREIA E AMORIM                        AV. DR. ANTONIO GOMES DE BARROS, 118    CENTRO      57800000UNIAO DOS PALMAALPAGAR ATE A DATA DO VENCIMENTO.         990000040
1                0190000012329002    146630                   1146630800000000000000000000000000000        401146630    11062600000000278200000000 01N140526000500000000000080000000000000000000000000000000000000000000000100001989240461ADELICE ROSA DA SILVA                   R. DO COMERCIO                          ROCHA CAVALC57800000UNIAO DOS PALMAALPAGAR ATE A DATA DO VENCIMENTO.         990000041
1                0190000012329002    146630                   2146630000000000000000000000000000000        401146630    18062600000000278190000000 01N140526000500000000000080000000000000000000000000000000000000000000000100001989240461ADELICE ROSA DA SILVA                   R. DO COMERCIO                          ROCHA CAVALC57800000UNIAO DOS PALMAALPAGAR ATE A DATA DO VENCIMENTO.         990000042
1                0190000012329002    146631                   0146631300000000000000000000000000000        401146631    11062600000000170000000000 01N140526000500000000000050000000000000000000000000000000000000000000000212932781000131ELIANE FRANCA DA SILVA - ME             LINDOLFO GOMES CABRAL 658               ROBERTO CORR57800000UNIAO DOS PALMAALPAGAR ATE A DATA DO VENCIMENTO.         990000043
1                0190000012329002    146632                   1146632400000000000000000000000000000        401146632    11062600000000423230000000 01N140526000500000000000130000000000000000000000000000000000000000000000205025618000120COMERCIAL PINO LTDA - ME                R JOAO FERREIRA, N 10                   CIDADE ALTA 57820000MURICI         ALPAGAR ATE A DATA DO VENCIMENTO.         990000044
1                0190000012329002    146632                   2146632700000000000000000000000000000        401146632    18062600000000423220000000 01N140526000500000000000130000000000000000000000000000000000000000000000205025618000120COMERCIAL PINO LTDA - ME                R JOAO FERREIRA, N 10                   CIDADE ALTA 57820000MURICI         ALPAGAR ATE A DATA DO VENCIMENTO.         990000045
1                0190000012329002    146633                   0146633000000000000000000000000000000        401146633    11062600000000340000000000 01N140526000500000000000100000000000000000000000000000000000000000000000209279142000104COMERCIAL SANTA TEREZA LTDA - ME        R DOM BOSCO 13                          CAMPO GRANDE57820000MURICI         ALPAGAR ATE A DATA DO VENCIMENTO.         990000046
1                0190000012329002    146634                   3146634600000000000000000000000000000        401146634    18062600000000104710000000 01N140526000500000000000030000000000000000000000000000000000000000000000229281396000174ANA JESSICA LIMA DO CARMO 13026848417   AV. JACINTO BARBOSA,N 176, LETRA B      CAMPO GRANDE57820000MURICI         ALPAGAR ATE A DATA DO VENCIMENTO.         990000047
1                0190000012329002    146634                   1146634000000000000000000000000000000        401146634    04062600000000104720000000 01N140526000500000000000030000000000000000000000000000000000000000000000229281396000174ANA JESSICA LIMA DO CARMO 13026848417   AV. JACINTO BARBOSA,N 176, LETRA B      CAMPO GRANDE57820000MURICI         ALPAGAR ATE A DATA DO VENCIMENTO.         990000048
1                0190000012329002    146634                   2146634300000000000000000000000000000        401146634    11062600000000104720000000 01N140526000500000000000030000000000000000000000000000000000000000000000229281396000174ANA JESSICA LIMA DO CARMO 13026848417   AV. JACINTO BARBOSA,N 176, LETRA B      CAMPO GRANDE57820000MURICI         ALPAGAR ATE A DATA DO VENCIMENTO.         990000049
1                0190000012329002    146635                   0146635600000000000000000000000000000        401146635    15062600000000720750000000 01N140526000500000000000220000000000000000000000000000000000000000000000261360688000105COMERCIAL VARGAS LTDA                   AV PRESIDENTE VARGAS, N 55, LETRA C     CENTRO      57820000MURICI         ALPAGAR ATE A DATA DO VENCIMENTO.         990000050
1                0190000012329002    146636                   0146636400000000000000000000000000000        401146636    11062600000000393000000000 01N140526000500000000000120000000000000000000000000000000000000000000000241480052000190ANGELA OLIVEIRA BARBOSA                 CONJ CONCEICAO LYRA 1 QUADRA 03, N 16   VARZEA GRAND57800000UNIAO DOS PALMAALPAGAR ATE A DATA DO VENCIMENTO.         990000051
1                0190000012329002    146637                   1146637500000000000000000000000000000        401146637    04062600000000247860000000 01N140526000500000000000070000000000000000000000000000000000000000000000236155644000104CRISLAYNE OLIVEIRA DE MELO 12491379422  RUA DO COMERCIO, S/N                    ROCHA CAVALC57800000UNIAO DOS PALMAALPAGAR ATE A DATA DO VENCIMENTO.         990000052
1                0190000012329002    146637                   2146637800000000000000000000000000000        401146637    11062600000000247860000000 01N140526000500000000000070000000000000000000000000000000000000000000000236155644000104CRISLAYNE OLIVEIRA DE MELO 12491379422  RUA DO COMERCIO, S/N                    ROCHA CAVALC57800000UNIAO DOS PALMAALPAGAR ATE A DATA DO VENCIMENTO.         990000053
1                0190000012329002    146637                   3146637000000000000000000000000000000        401146637    18062600000000247860000000 01N140526000500000000000070000000000000000000000000000000000000000000000236155644000104CRISLAYNE OLIVEIRA DE MELO 12491379422  RUA DO COMERCIO, S/N                    ROCHA CAVALC57800000UNIAO DOS PALMAALPAGAR ATE A DATA DO VENCIMENTO.         990000054
1                0190000012329002    146638                   1146638300000000000000000000000000000        401146638    11062600000000412500000000 01N140526000500000000000120000000000000000000000000000000000000000000000100004632418439PAULO  RODRIGUES DA SILVA               RUA MIGUEL PALMEIRA, N 117              CENTRO      57800000UNIAO DOS PALMAALPAGAR ATE A DATA DO VENCIMENTO.         990000055
1                0190000012329002    146638                   2146638600000000000000000000000000000        401146638    18062600000000412500000000 01N140526000500000000000120000000000000000000000000000000000000000000000100004632418439PAULO  RODRIGUES DA SILVA               RUA MIGUEL PALMEIRA, N 117              CENTRO      57800000UNIAO DOS PALMAALPAGAR ATE A DATA DO VENCIMENTO.         990000056
1                0190000012329002    146639                   1146639100000000000000000000000000000        401146639    04062600000001071930000000 01N140526000500000000000320000000000000000000000000000000000000000000000237137008000104WAGNER ANTONIO DA SILVA EIRELI          AV. MONS CLOVES DUARTE, N 188           CENTRO      57800000UNIAO DOS PALMAALPAGAR ATE A DATA DO VENCIMENTO.         990000057
1                0190000012329002    146639                   4146639000000000000000000000000000000        401146639    25062600000001071930000000 01N140526000500000000000320000000000000000000000000000000000000000000000237137008000104WAGNER ANTONIO DA SILVA EIRELI          AV. MONS CLOVES DUARTE, N 188           CENTRO      57800000UNIAO DOS PALMAALPAGAR ATE A DATA DO VENCIMENTO.         990000058
1                0190000012329002    146639                   2146639400000000000000000000000000000        401146639    11062600000001071930000000 01N140526000500000000000320000000000000000000000000000000000000000000000237137008000104WAGNER ANTONIO DA SILVA EIRELI          AV. MONS CLOVES DUARTE, N 188           CENTRO      57800000UNIAO DOS PALMAALPAGAR ATE A DATA DO VENCIMENTO.         990000059
1                0190000012329002    146639                   3146639700000000000000000000000000000        401146639    18062600000001071930000000 01N140526000500000000000320000000000000000000000000000000000000000000000237137008000104WAGNER ANTONIO DA SILVA EIRELI          AV. MONS CLOVES DUARTE, N 188           CENTRO      57800000UNIAO DOS PALMAALPAGAR ATE A DATA DO VENCIMENTO.         990000060
1                0190000012329002    146640                   0146640200000000000000000000000000000        401146640    28052600000000457330000000 01N140526000500000000000140000000000000000000000000000000000000000000000209115398000186J A PIMENTEL ME                         R JUVENAL MENDONCA 800                  CENTRO      57800000UNIAO DOS PALMAALPAGAR ATE A DATA DO VENCIMENTO.         990000061
1                0190000012329002    146641                   4146641100000000000000000000000000000        401146641    25062600000000266250000000 01N140526000500000000000080000000000000000000000000000000000000000000000243944196000185WALTANES ANTONIO DA SILVA LTDA          R. JUVENAL MENDONCA, N 500              CENTRO      57800000UNIAO DOS PALMAALPAGAR ATE A DATA DO VENCIMENTO.         990000062
1                0190000012329002    146641                   1146641300000000000000000000000000000        401146641    04062600000000266250000000 01N140526000500000000000080000000000000000000000000000000000000000000000243944196000185WALTANES ANTONIO DA SILVA LTDA          R. JUVENAL MENDONCA, N 500              CENTRO      57800000UNIAO DOS PALMAALPAGAR ATE A DATA DO VENCIMENTO.         990000063
1                0190000012329002    146641                   2146641600000000000000000000000000000        401146641    11062600000000266250000000 01N140526000500000000000080000000000000000000000000000000000000000000000243944196000185WALTANES ANTONIO DA SILVA LTDA          R. JUVENAL MENDONCA, N 500              CENTRO      57800000UNIAO DOS PALMAALPAGAR ATE A DATA DO VENCIMENTO.         990000064
1                0190000012329002    146641                   3146641900000000000000000000000000000        401146641    18062600000000266250000000 01N140526000500000000000080000000000000000000000000000000000000000000000243944196000185WALTANES ANTONIO DA SILVA LTDA          R. JUVENAL MENDONCA, N 500              CENTRO      57800000UNIAO DOS PALMAALPAGAR ATE A DATA DO VENCIMENTO.         990000065
9                                                                                                                                                                                                                                                                                                                                                                                                         000066
