02RETORNO01COBRANCA       01900000123290      MASTER COM.DISTRIBUIDORA LTDA 004B.DO NORDESTE  13052601600BPI04516      000000                                                                                                                                                                                                                                                                             000001
1020763035600015801900000123290      146601                   214660170000000000                           402130526146601    21466017            10062600000000210000040031 0100000000001910000000000000000000000000000000000000000000000000000000000000000000000000000000000000000420000000000000000000000000000000000000000000000000000000000000000000000000000000000000000000000000000000000          000002
1020763035600015801900000123290      146602                   214660250000000000                           402130526146602    21466025            10062600000000298330040031 0100000000001910000000000000000000000000000000000000000000000000000000000000000000000000000000000000000597000000000000000000000000000000000000000000000000000000000000000000000000000000000000000000000000000000000          000003
1020763035600015801900000123290      146600                   314660010000000000                           402130526146600    31466001            17062600000000329800040031 0100000000001910000000000000000000000000000000000000000000000000000000000000000000000000000000000000000660000000000000000000000000000000000000000000000000000000000000000000000000000000000000000000000000000000000          000004
1020763035600015801900000123290      146602                   314660280000000000                           402130526146602    31466028            17062600000000298340040031 0100000000001910000000000000000000000000000000000000000000000000000000000000000000000000000000000000000597000000000000000000000000000000000000000000000000000000000000000000000000000000000000000000000000000000000          000005
1020763035600015801900000123290      146603                   014660380000000000                           402130526146603    01466038            03062600000000322700040031 0100000000001910000000000000000000000000000000000000000000000000000000000000000000000000000000000000000645000000000000000000000000000000000000000000000000000000000000000000000000000000000000000000000000000000000          000006
1020763035600015801900000123290      146599                   114659990000000000                           402130526146599    11465999            03062600000000340920040031 0100000000001910000000000000000000000000000000000000000000000000000000000000000000000000000000000000000682000000000000000000000000000000000000000000000000000000000000000000000000000000000000000000000000000000000          000007
1020763035600015801900000123290      146600                   114660060000000000                           402130526146600    11466006            03062600000000329810040031 0100000000001910000000000000000000000000000000000000000000000000000000000000000000000000000000000000000660000000000000000000000000000000000000000000000000000000000000000000000000000000000000000000000000000000000          000008
1020763035600015801900000123290      146601                   114660140000000000                           402130526146601    11466014            03062600000000210000040031 0100000000001910000000000000000000000000000000000000000000000000000000000000000000000000000000000000000420000000000000000000000000000000000000000000000000000000000000000000000000000000000000000000000000000000000          000009
1020763035600015801900000123290      146602                   114660220000000000                           402130526146602    11466022            03062600000000298330040031 0100000000001910000000000000000000000000000000000000000000000000000000000000000000000000000000000000000597000000000000000000000000000000000000000000000000000000000000000000000000000000000000000000000000000000000          000010
1020763035600015801900000123290      146599                   214659910000000000                           402130526146599    21465991            10062600000000340920040031 0100000000001910000000000000000000000000000000000000000000000000000000000000000000000000000000000000000682000000000000000000000000000000000000000000000000000000000000000000000000000000000000000000000000000000000          000011
1020763035600015801900000123290      146600                   214660090000000000                           402130526146600    21466009            10062600000000329810040031 0100000000001910000000000000000000000000000000000000000000000000000000000000000000000000000000000000000660000000000000000000000000000000000000000000000000000000000000000000000000000000000000000000000000000000000          000012
1020763035600015801900000123290      145926                   214592660000000000                           409130526145926    21459266            17042600000000325820040222 0100000000001270000000000000000000000000000000000000000000000000000000000000000000000000000000000000000000000000000000000000000000000000000000000000000000000000000000000000000000000000000000000000000000000000000          000013
1020763035600015801900000123290      145826                   414582650000000000                           409130526145826    41458265            17042600000000405170040190 0100000000001270000000000000000000000000000000000000000000000000000000000000000000000000000000000000000000000000000000000000000000000000000000000000000000000000000000000000000000000000000000000000000000000000000          000014
1020763035600015801900000123290      145641                   514564190000000000                           409130526145641    51456419            17042600000000947100040031 0100000000001270000000000000000000000000000000000000000000000000000000000000000000000000000000000000000000000000000000000000000000000000000000000000000000000000000000000000000000000000000000000000000000000000000          000015
1020763035600015801900000123290      146246                   014624660000000000                           406130526146246    01462466            13052600000001239500040066 0100000000000000000000000000000000000000000000000000000000000000000000000000000000000001239500000000000000000000000000000013052600000000000000000000000000000000000000000000000000000000000000000000000000000000000          000016
1020763035600015801900000123290      146247                   014624740000000000                           406130526146247    01462474            13052600000002457540040066 0100000000000000000000000000000000000000000000000000000000000000000000000000000000000002457540000000000000000000000000000013052600000000000000000000000000000000000000000000000000000000000000000000000000000000000          000017
1020763035600015801900000123290      146249                   014624900000000000                           406130526146249    01462490            13052600000001343480040066 0100000000000000000000000000000000000000000000000000000000000000000000000000000000000001343480000000000000000000000000000013052600000000000000000000000000000000000000000000000000000000000000000000000000000000000          000018
1020763035600015801900000123290      146253                   014625390000000000                           406130526146253    01462539            13052600000000550230040190 0100000000000000000000000000000000000000000000000000000000000000000000000000000000000000550230000000000000000000000000000013052600000000000000000000000000000000000000000000000000000000000000000000000000000000000          000019
1020763035600015801900000123290      146299                   014629970000000000                           406130526146299    01462997            14052600000000306400040190 0100000000000000000000000000000000000000000000000000000000000000000000000000000000000000306400000000000000000000000000000013052600000000000000000000000000000000000000000000000000000000000000000000000000000000000          000020
1020763035600015801900000123290      146313                   014631360000000000                           406130526146313    01463136            18052600000000260200040031 0100000000000000000000000000000000000000000000000000000000000000000000000000000000000000260200000000000000000000000000000013052600000000000000000000000000000000000000000000000000000000000000000000000000000000000          000021
1020763035600015801900000123290      146455                   014645580000000000                           406130526146455    01464558            13052600000000474560040110 0100000000000000000000000000000000000000000000000000000000000000000000000000000000000000474560000000000000000000000000000013052600000000000000000000000000000000000000000000000000000000000000000000000000000000000          000022
1020763035600015801900000123290      146267                   114626710000000000                           406130526146267    11462671            05052600000000347860040031 0100000000000000000000000000000000000000000000000000000000000000000000000000000000000000355610000000000775000000000000000013052600000000000000000000000000000000000000000000000000000000000000000000000000000000000          000023
1020763035600015801900000123290      146441                   114644100000000000                           406130526146441    11464410            13052600000000167470040110 0100000000000000000000000000000000000000000000000000000000000000000000000000000000000000167470000000000000000000000000000013052600000000000000000000000000000000000000000000000000000000000000000000000000000000000          000024
1020763035600015801900000123290      146267                   214626740000000000                           406130526146267    21462674            12052600000000347850040031 0100000000000000000000000000000000000000000000000000000000000000000000000000000000000000354900000000000705000000000000000013052600000000000000000000000000000000000000000000000000000000000000000000000000000000000          000025
1020763035600015801900000123290      146281                   214628100000000000                           406130526146281    21462810            14052600000000500000040031 0100000000000000000000000000000000000000000000000000000000000000000000000000000000000000500000000000000000000000000000000013052600000000000000000000000000000000000000000000000000000000000000000000000000000000000          000026
1020763035600015801900000123290      146184                   314618400000000000                           406130526146184    31461840            13052600000000531840040031 0100000000000000000000000000000000000000000000000000000000000000000000000000000000000000531840000000000000000000000000000013052600000000000000000000000000000000000000000000000000000000000000000000000000000000000          000027
1020763035600015801900000123290      146185                   314618590000000000                           406130526146185    31461859            13052600000000455010040031 0100000000000000000000000000000000000000000000000000000000000000000000000000000000000000455010000000000000000000000000000013052600000000000000000000000000000000000000000000000000000000000000000000000000000000000          000028
1020763035600015801900000123290      146301                   314630100000000000                           406130526146301    31463010            14052600000000173570040110 0100000000000000000000000000000000000000000000000000000000000000000000000000000000000000173570000000000000000000000000000013052600000000000000000000000000000000000000000000000000000000000000000000000000000000000          000029
1020763035600015801900000123290      146121                   414612150000000000                           406130526146121    41461215            13052600000000333330040031 0100000000000000000000000000000000000000000000000000000000000000000000000000000000000000333330000000000000000000000000000013052600000000000000000000000000000000000000000000000000000000000000000000000000000000000          000030
9201004          000000000000147943310700000235                                                                                                                                                                                                                                                                                                                                                           000031
